<?xml version="1.0" encoding="UTF-8"?><collection xmlns="http://www.loc.gov/MARC21/slim"><record><leader>00391nam--2200145-i-4500</leader><controlfield tag="001">000045833</controlfield><controlfield tag="002">20161230</controlfield><controlfield tag="005">20161230201045</controlfield><controlfield tag="008">060222s1000------------r-----000-0-eng-d</controlfield><datafield ind1=" " ind2=" " tag="080"><subfield code="a">002:001.891</subfield></datafield><datafield ind1=" " ind2=" " tag="100"><subfield code="a">Tudor I.Alex</subfield></datafield><datafield ind1=" " ind2=" " tag="245"><subfield code="a">Rolul informarii documentare in dezvoltarea cercetarii stiintifice</subfield></datafield><datafield ind1=" " ind2=" " tag="260"><subfield code="a">Bucuresti, Icdt, 1971. 52 P</subfield></datafield><datafield ind1=" " ind2=" " tag="490"><subfield code="a">Sinteza Documentara</subfield></datafield><datafield ind1=" " ind2=" " tag="852"><subfield code="a">34045</subfield></datafield></record></collection>